%YAML 1.1
%TAG !u! tag:unity3d.com,2011:
--- !u!1 &3213691965327269729
GameObject:
  m_ObjectHideFlags: 0
  m_CorrespondingSourceObject: {fileID: 0}
  m_PrefabInstance: {fileID: 0}
  m_PrefabAsset: {fileID: 0}
  serializedVersion: 6
  m_Component:
  - component: {fileID: 3213691965327269757}
  - component: {fileID: 3213691965327269756}
  - component: {fileID: 3213691965327269759}
  - component: {fileID: 3213691965327269754}
  - component: {fileID: 3213691965327269758}
  m_Layer: 0
  m_Name: Emitter
  m_TagString: Untagged
  m_Icon: {fileID: 0}
  m_NavMeshLayer: 0
  m_StaticEditorFlags: 0
  m_IsActive: 1
--- !u!4 &3213691965327269757
Transform:
  m_ObjectHideFlags: 0
  m_CorrespondingSourceObject: {fileID: 0}
  m_PrefabInstance: {fileID: 0}
  m_PrefabAsset: {fileID: 0}
  m_GameObject: {fileID: 3213691965327269729}
  m_LocalRotation: {x: 0, y: 0, z: -0.7132504, w: 0.7009094}
  m_LocalPosition: {x: -8.45, y: 15.13, z: 0}
  m_LocalScale: {x: 3.3281, y: 3.3281, z: 3.3281}
  m_Children:
  - {fileID: 3213691966044641460}
  - {fileID: 3213691965692011930}
  - {fileID: 8707107755420794125}
  m_Father: {fileID: 0}
  m_RootOrder: 0
  m_LocalEulerAnglesHint: {x: 0, y: 0, z: -91}
--- !u!33 &3213691965327269756
MeshFilter:
  m_ObjectHideFlags: 0
  m_CorrespondingSourceObject: {fileID: 0}
  m_PrefabInstance: {fileID: 0}
  m_PrefabAsset: {fileID: 0}
  m_GameObject: {fileID: 3213691965327269729}
  m_Mesh: {fileID: 10206, guid: 0000000000000000e000000000000000, type: 0}
--- !u!23 &3213691965327269759
MeshRenderer:
  m_ObjectHideFlags: 0
  m_CorrespondingSourceObject: {fileID: 0}
  m_PrefabInstance: {fileID: 0}
  m_PrefabAsset: {fileID: 0}
  m_GameObject: {fileID: 3213691965327269729}
  m_Enabled: 1
  m_CastShadows: 1
  m_ReceiveShadows: 1
  m_DynamicOccludee: 1
  m_MotionVectors: 1
  m_LightProbeUsage: 1
  m_ReflectionProbeUsage: 1
  m_RayTracingMode: 2
  m_RayTraceProcedural: 0
  m_RenderingLayerMask: 1
  m_RendererPriority: 0
  m_Materials:
  - {fileID: 2100000, guid: 31321ba15b8f8eb4c954353edc038b1d, type: 2}
  m_StaticBatchInfo:
    firstSubMesh: 0
    subMeshCount: 0
  m_StaticBatchRoot: {fileID: 0}
  m_ProbeAnchor: {fileID: 0}
  m_LightProbeVolumeOverride: {fileID: 0}
  m_ScaleInLightmap: 1
  m_ReceiveGI: 1
  m_PreserveUVs: 0
  m_IgnoreNormalsForChartDetection: 0
  m_ImportantGI: 0
  m_StitchLightmapSeams: 1
  m_SelectedEditorRenderState: 3
  m_MinimumChartSize: 4
  m_AutoUVMaxDistance: 0.5
  m_AutoUVMaxAngle: 89
  m_LightmapParameters: {fileID: 0}
  m_SortingLayerID: 0
  m_SortingLayer: 0
  m_SortingOrder: 0
  m_AdditionalVertexStreams: {fileID: 0}
--- !u!114 &3213691965327269754
MonoBehaviour:
  m_ObjectHideFlags: 0
  m_CorrespondingSourceObject: {fileID: 0}
  m_PrefabInstance: {fileID: 0}
  m_PrefabAsset: {fileID: 0}
  m_GameObject: {fileID: 3213691965327269729}
  m_Enabled: 1
  m_EditorHideFlags: 0
  m_Script: {fileID: 11500000, guid: 52dccbbdbf951bc428e55172e743fa39, type: 3}
  m_Name: 
  m_EditorClassIdentifier: 
  top: {fileID: 3213691966044641460}
  bottom: {fileID: 3213691965692011930}
  particle: {fileID: 8707107755420794127}
  isInfinite: 0
  fluidAmount: 10000
  emissionRate: 20
  tiltTolerance: 0
--- !u!65 &3213691965327269758
BoxCollider:
  m_ObjectHideFlags: 0
  m_CorrespondingSourceObject: {fileID: 0}
  m_PrefabInstance: {fileID: 0}
  m_PrefabAsset: {fileID: 0}
  m_GameObject: {fileID: 3213691965327269729}
  m_Material: {fileID: 0}
  m_IsTrigger: 1
  m_Enabled: 1
  serializedVersion: 2
  m_Size: {x: 1.0000001, y: 2, z: 1.0000001}
  m_Center: {x: 0.000000059604645, y: 0, z: -0.00000008940696}
--- !u!1 &3213691965692011933
GameObject:
  m_ObjectHideFlags: 0
  m_CorrespondingSourceObject: {fileID: 0}
  m_PrefabInstance: {fileID: 0}
  m_PrefabAsset: {fileID: 0}
  serializedVersion: 6
  m_Component:
  - component: {fileID: 3213691965692011930}
  m_Layer: 0
  m_Name: Bottom -> untuk tracking ujung bawah objek
  m_TagString: Untagged
  m_Icon: {fileID: 0}
  m_NavMeshLayer: 0
  m_StaticEditorFlags: 0
  m_IsActive: 1
--- !u!4 &3213691965692011930
Transform:
  m_ObjectHideFlags: 0
  m_CorrespondingSourceObject: {fileID: 0}
  m_PrefabInstance: {fileID: 0}
  m_PrefabAsset: {fileID: 0}
  m_GameObject: {fileID: 3213691965692011933}
  m_LocalRotation: {x: 0, y: 0, z: 0, w: 1}
  m_LocalPosition: {x: 0, y: -1, z: 0}
  m_LocalScale: {x: 1, y: 1, z: 1}
  m_Children: []
  m_Father: {fileID: 3213691965327269757}
  m_RootOrder: 1
  m_LocalEulerAnglesHint: {x: 0, y: 0, z: 0}
--- !u!1 &3213691966044641463
GameObject:
  m_ObjectHideFlags: 0
  m_CorrespondingSourceObject: {fileID: 0}
  m_PrefabInstance: {fileID: 0}
  m_PrefabAsset: {fileID: 0}
  serializedVersion: 6
  m_Component:
  - component: {fileID: 3213691966044641460}
  m_Layer: 0
  m_Name: Top -> untuk tracking ujung atas objek
  m_TagString: Untagged
  m_Icon: {fileID: 0}
  m_NavMeshLayer: 0
  m_StaticEditorFlags: 0
  m_IsActive: 1
--- !u!4 &3213691966044641460
Transform:
  m_ObjectHideFlags: 0
  m_CorrespondingSourceObject: {fileID: 0}
  m_PrefabInstance: {fileID: 0}
  m_PrefabAsset: {fileID: 0}
  m_GameObject: {fileID: 3213691966044641463}
  m_LocalRotation: {x: 0, y: 0, z: 0, w: 1}
  m_LocalPosition: {x: 0, y: 1, z: -0}
  m_LocalScale: {x: 1, y: 1, z: 1}
  m_Children: []
  m_Father: {fileID: 3213691965327269757}
  m_RootOrder: 0
  m_LocalEulerAnglesHint: {x: 0, y: 0, z: 0}
--- !u!1001 &3213691964701515225
PrefabInstance:
  m_ObjectHideFlags: 0
  serializedVersion: 2
  m_Modification:
    m_TransformParent: {fileID: 3213691965327269757}
    m_Modifications:
    - target: {fileID: 155199811, guid: b6e9a10085614e448b3350cd925bfff1, type: 3}
      propertyPath: m_LocalRotation.w
      value: 0.00000023180763
      objectReference: {fileID: 0}
    - target: {fileID: 155199811, guid: b6e9a10085614e448b3350cd925bfff1, type: 3}
      propertyPath: m_LocalRotation.x
      value: -0.0000001053671
      objectReference: {fileID: 0}
    - target: {fileID: 155199811, guid: b6e9a10085614e448b3350cd925bfff1, type: 3}
      propertyPath: m_LocalRotation.y
      value: -1
      objectReference: {fileID: 0}
    - target: {fileID: 155199811, guid: b6e9a10085614e448b3350cd925bfff1, type: 3}
      propertyPath: m_LocalRotation.z
      value: 0.00000011920926
      objectReference: {fileID: 0}
    - target: {fileID: 155199811, guid: b6e9a10085614e448b3350cd925bfff1, type: 3}
      propertyPath: m_LocalEulerAnglesHint.y
      value: -180
      objectReference: {fileID: 0}
    - target: {fileID: 155199813, guid: b6e9a10085614e448b3350cd925bfff1, type: 3}
      propertyPath: moveWithTransform
      value: 1
      objectReference: {fileID: 0}
    - target: {fileID: 1534654150, guid: b6e9a10085614e448b3350cd925bfff1, type: 3}
      propertyPath: InitialModule.startSize.scalar
      value: 50
      objectReference: {fileID: 0}
    - target: {fileID: 1534654150, guid: b6e9a10085614e448b3350cd925bfff1, type: 3}
      propertyPath: InitialModule.startRotation.scalar
      value: -1.5707963
      objectReference: {fileID: 0}
    - target: {fileID: 1534654150, guid: b6e9a10085614e448b3350cd925bfff1, type: 3}
      propertyPath: InitialModule.startRotationX.scalar
      value: 0
      objectReference: {fileID: 0}
    - target: {fileID: 1534654152, guid: b6e9a10085614e448b3350cd925bfff1, type: 3}
      propertyPath: m_LocalEulerAnglesHint.y
      value: 90
      objectReference: {fileID: 0}
    - target: {fileID: 1706819063, guid: b6e9a10085614e448b3350cd925bfff1, type: 3}
      propertyPath: m_Mesh
      value: 
      objectReference: {fileID: 10202, guid: 0000000000000000e000000000000000, type: 0}
    - target: {fileID: 1706819063, guid: b6e9a10085614e448b3350cd925bfff1, type: 3}
      propertyPath: m_SortMode
      value: 3
      objectReference: {fileID: 0}
    - target: {fileID: 6074387844634779860, guid: b6e9a10085614e448b3350cd925bfff1,
        type: 3}
      propertyPath: m_RootOrder
      value: 2
      objectReference: {fileID: 0}
    - target: {fileID: 6074387844634779860, guid: b6e9a10085614e448b3350cd925bfff1,
        type: 3}
      propertyPath: m_LocalPosition.x
      value: -0
      objectReference: {fileID: 0}
    - target: {fileID: 6074387844634779860, guid: b6e9a10085614e448b3350cd925bfff1,
        type: 3}
      propertyPath: m_LocalPosition.y
      value: 1
      objectReference: {fileID: 0}
    - target: {fileID: 6074387844634779860, guid: b6e9a10085614e448b3350cd925bfff1,
        type: 3}
      propertyPath: m_LocalPosition.z
      value: -0
      objectReference: {fileID: 0}
    - target: {fileID: 6074387844634779860, guid: b6e9a10085614e448b3350cd925bfff1,
        type: 3}
      propertyPath: m_LocalRotation.w
      value: 0.7071068
      objectReference: {fileID: 0}
    - target: {fileID: 6074387844634779860, guid: b6e9a10085614e448b3350cd925bfff1,
        type: 3}
      propertyPath: m_LocalRotation.x
      value: -0.7071068
      objectReference: {fileID: 0}
    - target: {fileID: 6074387844634779860, guid: b6e9a10085614e448b3350cd925bfff1,
        type: 3}
      propertyPath: m_LocalRotation.y
      value: 0
      objectReference: {fileID: 0}
    - target: {fileID: 6074387844634779860, guid: b6e9a10085614e448b3350cd925bfff1,
        type: 3}
      propertyPath: m_LocalRotation.z
      value: 0
      objectReference: {fileID: 0}
    - target: {fileID: 6074387844634779860, guid: b6e9a10085614e448b3350cd925bfff1,
        type: 3}
      propertyPath: m_LocalEulerAnglesHint.x
      value: -90
      objectReference: {fileID: 0}
    - target: {fileID: 6074387844634779860, guid: b6e9a10085614e448b3350cd925bfff1,
        type: 3}
      propertyPath: m_LocalEulerAnglesHint.y
      value: 0
      objectReference: {fileID: 0}
    - target: {fileID: 6074387844634779860, guid: b6e9a10085614e448b3350cd925bfff1,
        type: 3}
      propertyPath: m_LocalEulerAnglesHint.z
      value: 0
      objectReference: {fileID: 0}
    - target: {fileID: 6074387844634779861, guid: b6e9a10085614e448b3350cd925bfff1,
        type: 3}
      propertyPath: m_Name
      value: Particle System Water
      objectReference: {fileID: 0}
    - target: {fileID: 6074387844634779862, guid: b6e9a10085614e448b3350cd925bfff1,
        type: 3}
      propertyPath: CollisionModule.m_Dampen.scalar
      value: 0.2
      objectReference: {fileID: 0}
    - target: {fileID: 6074387844634779862, guid: b6e9a10085614e448b3350cd925bfff1,
        type: 3}
      propertyPath: CollisionModule.m_EnergyLossOnCollision.scalar
      value: 0.8
      objectReference: {fileID: 0}
    - target: {fileID: 6074387844634779862, guid: b6e9a10085614e448b3350cd925bfff1,
        type: 3}
      propertyPath: TrailModule.colorOverLifetime.maxGradient.atime0
      value: 8867
      objectReference: {fileID: 0}
    - target: {fileID: 6074387844634779862, guid: b6e9a10085614e448b3350cd925bfff1,
        type: 3}
      propertyPath: TrailModule.colorOverLifetime.maxGradient.atime1
      value: 65535
      objectReference: {fileID: 0}
    - target: {fileID: 6074387844634779862, guid: b6e9a10085614e448b3350cd925bfff1,
        type: 3}
      propertyPath: TrailModule.colorOverLifetime.maxGradient.atime2
      value: 65535
      objectReference: {fileID: 0}
    - target: {fileID: 6074387844634779862, guid: b6e9a10085614e448b3350cd925bfff1,
        type: 3}
      propertyPath: TrailModule.colorOverLifetime.maxGradient.ctime1
      value: 49730
      objectReference: {fileID: 0}
    - target: {fileID: 6074387844634779862, guid: b6e9a10085614e448b3350cd925bfff1,
        type: 3}
      propertyPath: TrailModule.colorOverLifetime.maxGradient.key0.a
      value: 1
      objectReference: {fileID: 0}
    - target: {fileID: 6074387844634779862, guid: b6e9a10085614e448b3350cd925bfff1,
        type: 3}
      propertyPath: TrailModule.colorOverLifetime.maxGradient.key1.b
      value: 0.8207547
      objectReference: {fileID: 0}
    - target: {fileID: 6074387844634779862, guid: b6e9a10085614e448b3350cd925bfff1,
        type: 3}
      propertyPath: TrailModule.colorOverLifetime.maxGradient.key1.g
      value: 0.8207547
      objectReference: {fileID: 0}
    - target: {fileID: 6074387844634779862, guid: b6e9a10085614e448b3350cd925bfff1,
        type: 3}
      propertyPath: TrailModule.colorOverLifetime.maxGradient.key1.r
      value: 0.8207547
      objectReference: {fileID: 0}
    - target: {fileID: 6074387844634779862, guid: b6e9a10085614e448b3350cd925bfff1,
        type: 3}
      propertyPath: TrailModule.colorOverLifetime.maxGradient.key2.a
      value: 0
      objectReference: {fileID: 0}
    - target: {fileID: 6074387844634779862, guid: b6e9a10085614e448b3350cd925bfff1,
        type: 3}
      propertyPath: TrailModule.colorOverLifetime.maxGradient.m_NumAlphaKeys
      value: 2
      objectReference: {fileID: 0}
    m_RemovedComponents: []
  m_SourcePrefab: {fileID: 100100000, guid: b6e9a10085614e448b3350cd925bfff1, type: 3}
--- !u!4 &8707107755420794125 stripped
Transform:
  m_CorrespondingSourceObject: {fileID: 6074387844634779860, guid: b6e9a10085614e448b3350cd925bfff1,
    type: 3}
  m_PrefabInstance: {fileID: 3213691964701515225}
  m_PrefabAsset: {fileID: 0}
--- !u!198 &8707107755420794127 stripped
ParticleSystem:
  m_CorrespondingSourceObject: {fileID: 6074387844634779862, guid: b6e9a10085614e448b3350cd925bfff1,
    type: 3}
  m_PrefabInstance: {fileID: 3213691964701515225}
  m_PrefabAsset: {fileID: 0}
